2536 3061
1097 256 1402 305 ...4-

396 367 496 420 gula
530 372 729 417 tempora*
749 366 1000 413 extulerint,
1040 372 1081 404 et
1117 366 1257 405 sedulo
1284 366 1534 415 cavendum,
1576 380 1652 416 ne,
1693 381 1797 419 quac
1826 369 1871 408 in
1901 371 2092 420 tragicisj

396 421 468 461 vel
507 420 728 458 seri‘oribus
768 422 890 459 etiam
928 420 1060 472 poe‘tis
1089 421 1286 471 legimus,
1323 435 1370 459 ea
1400 423 1583 460 Homero
1620 420 1690 459 vel
1716 421 1891 462 Hefiodo·
1919 421 2093 476 uffinga-

398 491 503 514 mus.
563 475 643 512 Sed
674 476 783 518 hunc
811 476 949 513 locum
978 476 1059 512 iam
1090 477 1125 513 J.
1158 478 1210 514 G.
1245 475 1415 523 Vossius,
1445 478 1652 527 imprimis
1680 479 1722 513 iu
1749 478 1898 514 Bacchi
1926 471 2091 526 fibulis,

399 530 561 580 egregie
597 529 801 570 tractavit.
860 527 1037 567 Multum
1067 536 1203 581 autem
1231 529 1418 577 interest,
1453 536 1592 568 utrum
1619 530 1774 570 fabula·
1803 532 1994 569 omnibus
2021 544 2094 569 ae-

397 584 550 621 tatibus
579 583 826 631 excogitatas
853 583 1040 631 colligas,
1062 589 1116 636 *et
1145 581 1333 620 collectas
1361 596 1444 620 uno
1472 583 1661 633 adspectu
1690 582 1870 631 iudi‘ces,
1910 598 1960 622 an
1976 597 2093 634 ,quae

398 634 567 676 ‹liverfis
604 637 857 687 temporibus
897 635 947 674 de
984 635 1064 676 deo
1102 636 1241 688 aliquo
1267 642 1428 675 narrata
1455 635 1566 686 sunt,
1611 636 1815 689 expendas
1844 644 1884 676 et
1914 638 2026 677 inter
2053 636 2092 677 se

399 691 619 728 discernas.
678 691 765 738 Qui
792 691 984 728 Herculis
1013 690 1171 727 fabulas
1198 692 1241 727 in
1271 691 1516 739 Apollodori
1545 690 1790 728 bibliot-heca
1817 690 2093 741 perlustrave-

396 743 478 791 rit,
508 742 629 781 facile
656 743 701 780 in
738 756 825 781 earn
868 743 997 794 potest
1026 744 1264 793 opinionem
1293 743 1456 791 venire,
1494 750 1542 782 ut
1571 741 1790 782 Herculem
1821 758 1874 782 cx
1901 746 2091 795 Aegypto

397 797 468 834 vel
488 796 714 835 Phoenicia
742 796 956 835 advectum
988 797 1125 836 Solem
1154 797 1370 835 duodecim
1400 796 1503 848 signa
1532 799 1642 837 orbis
1668 797 1847 848 signiferi
1875 811 2093 849 permean-

396 858 484 890 tem
519 850 822 902 repraesentare
859 852 1018 896 credat3
1055 853 1127 903 qui
1165 867 1231 890 eas
1267 852 1425 890 fabulas
1461 852 1558 890 inde
1596 854 1645 890 ab
1670 854 1854 891 Homero
1884 866 2010 903 usque
2040 851 2093 890 ad
2124 871 2127 874 *
2169 877 2176 891 ι

396 906 701 947 Alexandrinos
742 907 996 956 temporibus
1034 906 1209 944 discreta
1270 905 1504 956 persecutns
1541 907 1669 945 suerit
1727 913 1767 944 et
1813 907 2090 957 perspexerit,

397 973 519 1011 quam
549 966 619 997 aut
645 958 753 996 nihil
782 967 853 997 aut.
879 972 1008 1010 pauca
1033 960 1080 996 in
1106 960 1282 1010 antiquis
1317 960 1448 1009 poc-'tis
1478 959 1621 1009 insint,
1648 974 1752 1011 quae
1787 960 1838 997 ad
1865 960 2092 1010 Aegyptia-

397 1027 465 1053 cas
502 1021 572 1051 aut
609 1012 853 1052 Phoenic-ias
893 1013 1070 1064 origines
1114 1014 1272 1052 referre
1307 1007 1471 1069 neceffe
1502 1011 1599 1069 fic,
1651 1014 1896 1064 cogitaverit
1941 1014 2091 1061 etiam,

396 1081 615 1107 numerum
653 1067 952 1106 duodenarium
989 1065 1172 1106 laborum
1210 1068 1255 1105 in
1289 1066 1584 1106 ‘Alexandrinis
1625 1068 1788 1106 demum
1828 1067 2091 1118 scriptoribus

395 1122 605 1169 inveniri,
647 1128 688 1159 et
727 1121 906 1172 signiferi
945 1122 1056 1160 orbis
1093 1122 1368 1172 cognitionem
1410 1121 1497 1160 sero
1530 1123 1638 1160 inter
1674 1124 1855 1161 Graecos
1886 1121 2089 1168 exstitisse,

395 1176 433 1216 is
472 1190 553 1214 uon
592 1176 744 1227 poterit
784 1190 866 1214 non
902 1176 1113 1225 dubitare,
1151 1190 1203 1215 au
1239 1177 1314 1214 illa
1349 1176 1571 1227 explicatio
1598 1190 1697 1216 vera
1735 1176 1818 1226 iit,¹
1839 1189 2008 1227 eamque
2037 1187 2090 1214 ex

395 1230 771 1271 Alexandrinorum
801 1230 961 1269 infelici
990 1231 1175 1282 antiquas
1210 1230 1366 1268 fabulas
1406 1230 1456 1267 ad
1485 1230 1572 1269 suas
1600 1238 1640 1269 et
1664 1230 1927 1282 popularium
1954 1230 2093 1268 notio·-

394 1299 469 1324 nes
512 1284 845 1323 accommodandi
886 1284 1017 1324 studio
1058 1285 1230 1324 manasse
1260 1299 1339 1323 non
1369 1285 1525 1323 iniuria
1552 1284 1831 1336 suspicabitur.
1888 1283 2092 1323 Similiter

394 1341 454 1389 is,
494 1340 564 1391 qui
601 1354 623 1377 e
662 1338 1020 1390 philosophorum,
1061 1340 1444 1391 grammaticorum,
1482 1336 1878 1391 mythographorum
1908 1339 2111 1389 auctori-¹

394 1400 478 1446 tate
505 1394 678 1446 pendet,
718 1392 954 1444 Apollinem
982 1408 1063 1433 non
1093 1395 1219 1433 alium
1249 1393 1325 1432 effe
1354 1407 1474 1445 quam
1504 1395 1642 1433 Solem
1673 1394 1794 1432 facile
1825 1393 1894 1432 fibi
1925 1389 2093 1445 persud-

394 1449 536 1496 debi13
581 1449 642 1486 nit
679 1448 816 1486 minus
850 1455 998 1487 'verum
1032 1448 1109 1486 ess'e
1143 1449 1346 1499 intelliget
1385 1449 1442 1496 is,
1472 1449 1564 1501 qui,
1603 1449 1960 1500 quid-Homerus,
1992 1446 2092 1498 quid

393 1503 566 1552 Lyrici,
594 1502 693 1553 quid
724 1503 976 1552 antiquiores
1005 1503 1219 1553 scriptores
1248 1516 1389 1548 omnes
1417 1504 1467 1542 de
1495 1517 1544 1541 eo
1573 1503 1855 1552 prodiderint,
1885 1503 2022 1540 a-nimo
2039 1502 2089 1539 ab

392 1557 668 1605 interpretum
704 1555 1045 1594 hariolationibus
1082 1556 1215 1594 adhuc
1251 1557 1415 1605 integro
1451 1562 1492 1593 et
1527 1556 1660 1593 libero
1698 1555 1952 1606 cognoverit.
2009 1555 2087 1603 At,

393 1610 610 1660 inquiunt»,
648 1608 808 1658 antiqui
845 1609 990 1659 poetae
1018 1622 1099 1646 non
1137 1609 1298 1656 omn-ia,
1338 1622 1440 1659 quae
1476 1608 1527 1646 de
1567 1609 1645 1647 diis
1674 1608 1916 1654 sentiebant,
1945 1608 2090 1646 dixiffe

391 1663 565 1715 putandi
596 1661 710 1710 sunt,
745 1661 812 1700 sed
843 1675 889 1699 ea
918 1669 1073 1701 tantum
1087 1682 1103 1706 ‚·
1128 1675 1232 1713 quae
1261 1660 1427 1702 consilio
1466 1661 1539 1700 suo
1571 1669 1610 1701 ct
1638 1669 1878 1712 argumento
1921 1662 2091 1700 consen·
2139 1660 2144 1668 “

392 1724 515 1757 tanea
554 1716 701 1765 essent,
738 1722 780 1753 et
816 1712 1071 1756 facilefieri
1108 1717 1263 1768 potuit,
1299 1721 1345 1754 ut
1374 1716 1654 1756 Alexandrini*
1678 1717 1745 1755 vel
1775 1731 1835 1755 ex.
1856 1717 2088 1770 litterarum

392 1766 669 1812 monumentis
700 1783 807 1809 nunc
825 1770 1078 1823 deperditis,
1106 1770 1176 1810 vel
1205 1770 1391 1810 exsama
1420 1772 1612 1822 populari
1643 1772 1711 1810 vel
1737 1772 1820 1810 alia
1846 1778 2088 1824 quacunque

390 1827 553 1868 ratione
589 1825 872 1875 resciscerent,
903 1841 1004 1877 quae
1041 1827 1183 1877 poe‘tae
1222 1826 1287 1864 illi
1323 1826 1392 1864 vel
1422 1840 1565 1866 eorum
1606 1828 1796 1877 aequales
1824 1834 1987 1878 praeter
2008 1835 2086 1875 ea,

392 1894 497 1933 quae
533 1880 696 1931 scriptis
734 1880 960 1930 consignata
995 1880 1107 1928 sunt,
1151 1882 1200 1918 do
1241 1880 1320 1918 diis
1349 1881 1630 1931 cognoverint.
1686 1879 1790 1929 Sed,
1829 1887 1875 1920 ut
1902 1881 2086 1927 mittam,

392 1949 447 1975 ex
471 1949 541 1984 eo,
572 1934 682 1986 quod
708 1934 799 1973 fieri
828 1935 980 1988 aliquid
1012 1936 1174 1986 potuit,
1205 1934 1397 1973 concludi
1424 1948 1506 1974 non
1537 1935 1645 1987 posse
1673 1935 1825 1974 factum
1849 1934 1958 1982 effe,
1989 1934 2089 1986 quid

390 1987 522 2041 magis
551 2002 575 2027 a
602 1989 819 2036 severitate
851 1989 1036 2028 criticae
1065 1988 1332 2046 historicae,
1364 2002 1485 2040 quam
1513 1998 1687 2038 vocant,
1718 1990 1936 2034 abhorret.
1966 2002 2088 2041 quam

392 2059 440 2084 ea
475 2058 552 2096 pro
591 2043 780 2082 conccflis
817 2050 858 2081 et
893 2045 1118 2095 exploratis
1158 2044 1336 2090 sumere,
1373 2057 1476 2093 quae
1504 2043 1619 2082 nullo
1647 2046 1768 2083 modo
1801 2045 1963 2093 probari
1994 2043 2088 2093 pos-

390 2098 512 2137 sunt?
541 2105 586 2136 ut
612 2110 691 2136 non
724 2098 896 2137 muttum
928 2097 1000 2136 illa
1030 2098 1291 2137 ratiocinatio
1319 2096 1465 2136 distare
1492 2098 1701 2138 videatur„
1720 2112 1742 2137 a
1780 2098 1941 2137 ratione
1972 2096 2088 2136 Fess-

389 2153 495 2199 leri,
524 2152 826 2203 ingeniosissimi
852 2151 1017 2205 alioqui.
1037 2161 1077 2192 et
1105 2152 1384 2204 elegantissimi
1414 2151 1644 2202 scriptoris,
1673 2154 1744 2203 qui
1773 2154 1815 2190 in
1836 2152 2087 2201 pne-satione

390 2206 621 2248 Alexandri
662 2208 711 2246 M
760 2207 871 2246 vitae
900 2207 990 2250 ase
1024 2207 1276 2260 conscriptae
1304 2206 1518 2259 praemissa
1547 2221 1627 2246 non
1651 2206 1732 2248 ,effe
1759 2206 1991 2246 testimonia
2017 2219 2087 2245 re·

390 2276 509 2308 rum,
537 2275 636 2312 quas
667 2275 829 2310 narres,
859 2264 979 2301 anxie
1006 2262 1283 2314 conquirenda
1309 2261 1435 2309 dicit3
1466 2263 1613 2300 multas
1640 2261 1718 2299 effe
1749 2261 1792 2299 in
1818 2261 1929 2298 omni
1960 2260 2085 2299 histo-

388 2316 470 2357 ria.
491 2314 679 2362 lacunas,
720 2330 821 2368 quas
865 2331 918 2356 cx
956 2318 1120 2366 ingenio
1153 2325 1195 2357 et
1225 2317 1460 2356 coniectura
1490 2316 1648 2367 expleri
1682 2322 1883 2367 oporteat.
1940 2316 2084 2366 ltaque

389 2372 433 2410 in
465 2370 718 2422 mythologia
745 2372 954 2411 tractanda
983 2371 1086 2411 illud
1118 2371 1420 2423 diligentissimo
1447 2370 1742 2422 explorandum
1783 2370 1945 2414 censeo,
1984 2369 2086 2421 quid

389 2440 549 2478 quaque
578 2432 709 2464 aetate
737 2425 788 2464 de
817 2426 895 2465 deo
924 2426 1062 2479 aliquo
1090 2426 1283 2466 senserint
1313 2433 1361 2464 et-
1378 2426 1596 2465 commenti
1619 2425 1686 2464 suu
1708 2425 1910 2465 homines.
1968 2425 2087 2475 Ope-

387 2480 517 2525 :rostor
554 2480 627 2520 ista
661 2481 730 2519 'via
758 2481 837 2525 est,
864 2481 1018 2532 fateor,
1040 2487 1098 2520 'et
1127 2482 1353 2522 maioribus
1382 2480 1693 2519 difficultatibus
1734 2478 1921 2532 obsepta,
1961 2493 2083 2531 quam

390 2549 465 2587 ea,
492 2549 593 2589 qus,
621 2542 815 2577 contextu
845 2535 985 2589 aliquo
1013 2537 1253 2589 mythorum
1280 2534 1449 2578 diverfis
1475 2537 1936 2589 temporibuslortorum
1955 2532 2084 2584 sacto,
